<record><leader>00000cas a22000007a 4500</leader><controlfield tag="001">42439612</controlfield><controlfield tag="008">990927d18781879meusr ne      0    0eng d</controlfield><datafield ind1=" " ind2=" " tag="010"><subfield code="a">sn 99066561 </subfield></datafield><datafield ind1=" " ind2=" " tag="040"><subfield code="a">MBN</subfield><subfield code="b">eng</subfield><subfield code="c">MBN</subfield><subfield code="d">OCLCO</subfield></datafield><datafield ind1=" " ind2=" " tag="042"><subfield code="a">msc</subfield></datafield><datafield ind1="0" ind2=" " tag="130"><subfield code="a">Local record (West Jefferson, Me.)</subfield></datafield><datafield ind1="0" ind2="4" tag="245"><subfield code="a">The Local record.</subfield></datafield><datafield ind1=" " ind2=" " tag="260"><subfield code="a">West Jefferson, Me. :</subfield><subfield code="b">F.P. Weeks,</subfield></datafield><datafield ind1=" " ind2=" " tag="300"><subfield code="a">v.</subfield></datafield><datafield ind1=" " ind2=" " tag="310"><subfield code="a">Semimonthly</subfield></datafield><datafield ind1="0" ind2=" " tag="362"><subfield code="a">No. 1 (Dec. 2, 1878)-no. 12 (May 15, 1879).</subfield></datafield><datafield ind1=" " ind2=" " tag="500"><subfield code="a">West Jefferson: Discontinued PO in Lincoln County -- Attwood, S.B. Length and breadth of Maine.</subfield></datafield><datafield ind1=" " ind2="0" tag="651"><subfield code="a">West Jefferson (Me.)</subfield><subfield code="v">Newspapers.</subfield></datafield><datafield ind1=" " ind2="0" tag="651"><subfield code="a">Jefferson (Me.)</subfield><subfield code="v">Newspapers.</subfield></datafield><datafield ind1=" " ind2=" " tag="752"><subfield code="a">United States</subfield><subfield code="b">Maine</subfield><subfield code="c">Lincoln</subfield><subfield code="d">Jefferson.</subfield></datafield></record>